% Encoding: UTF-8

 @misc{Hill1955, title={Letter to A. W. McCrum}, author={Hill, R.}, year={1955}, language={eng} }

